<?xml version="1.0" encoding="UTF-8"?><collection xmlns="http://www.loc.gov/MARC21/slim"><record><leader>00444nam--2200181-u-4500</leader><controlfield tag="001">000056375</controlfield><controlfield tag="002">20161230</controlfield><controlfield tag="005">20161230201052</controlfield><controlfield tag="008">150812s1000------------r-----000-0-rus-d</controlfield><datafield ind1=" " ind2=" " tag="040"><subfield code="a">IFIN-HH</subfield></datafield><datafield ind1=" " ind2=" " tag="041"><subfield code="a">rus</subfield></datafield><datafield ind1=" " ind2=" " tag="080"><subfield code="a">53(038)=883=82=20=30</subfield></datafield><datafield ind1="1" ind2=" " tag="100"><subfield code="a">Brazdziunas, P</subfield></datafield><datafield ind1="1" ind2="0" tag="245"><subfield code="a">Fizikos terminu zodynas</subfield><subfield code="c">Brazdziunas, p</subfield></datafield><datafield ind1=" " ind2=" " tag="260"><subfield code="a">Vlnius</subfield><subfield code="b">Universitas</subfield><subfield code="c">1971</subfield></datafield><datafield ind1=" " ind2=" " tag="300"><subfield code="a">418P</subfield></datafield><datafield ind1=" " ind2=" " tag="852"><subfield code="a">75441</subfield><subfield code="c">53</subfield></datafield><datafield ind1=" " ind2=" " tag="CAT"><subfield code="a">Sys</subfield><subfield code="c">20150812</subfield><subfield code="h">094853</subfield></datafield></record></collection>